@inproceedings{Morozov2010AnFPGAOld,
    title = {An analysis of delay based PUF implementations on FPGA},
    year = {2010},
    booktitle = {Lecture Notes in Computer Science (including subseries Lecture Notes in Artificial Intelligence and Lecture Notes in Bioinformatics)},
    author = {Morozov, Sergey and Maiti, Abhranil and Schaumont, Patrick},
    pages = {382--387},
    volume = {5992 LNCS},
    url = {http://link.springer.com/chapter/10.1007/978-3-642-12133-3_37},
    isbn = {3642121322},
    doi = {10.1007/978-3-642-12133-3_37},
    issn = {03029743}
}
@Inbook{Morozov2010AnFPGA,
    author="Morozov, Sergey
    and Maiti, Abhranil
    and Schaumont, Patrick",
    editor="Sirisuk, Phaophak
    and Morgan, Fearghal
    and El-Ghazawi, Tarek
    and Amano, Hideharu",
    title="An Analysis of Delay Based PUF Implementations on FPGA",
    bookTitle="Reconfigurable Computing: Architectures, Tools and Applications: 6th International Symposium, ARC 2010, Bangkok, Thailand, March 17-19, 2010. Proceedings",
    year="2010",
    publisher="Springer Berlin Heidelberg",
    address="Berlin, Heidelberg",
    pages="382--387",
    isbn="978-3-642-12133-3",
    doi="10.1007/978-3-642-12133-3_37",
    url="http://dx.doi.org/10.1007/978-3-642-12133-3_37"
}



@article{Merli2014AttackingExtractors,
    title = {Attacking and Protecting Ring Oscillator Physical Unclonable Functions and Code-Offset Fuzzy Extractors},
    year = {2014},
    author = {Merli, Dominik},
    url = {http://mediatum2.ub.tum.de/?id=1174021 https://mediatum.ub.tum.de/doc/1174021/1174021.pdf}
}

@article{Xu2014Hybrid,
    title = {Hybrid Side-Channel / Machine-Learning Attacks on PUFs : A New Threat ?},
    year = {2014},
    journal = {Design, Automation and Test in Europe Conference and Exhibition},
    author = {Xu, Xiaolin and Burleson, Wayne},
    url = {http://dl.acm.org/citation.cfm?id=2617100},
    isbn = {9783981537024},
    keywords = {a new threat, computer engineering, department of electrical and, machine-learning attacks, on pufs, rid side-channel, wayne burleson, xiaolin xu}
}

@article{Yu2011LightweightLearning,
    title = {Lightweight and secure PUF key storage using limits of machine learning},
    year = {2011},
    journal = {Lecture Notes in Computer Science (including subseries Lecture Notes in Artificial Intelligence and Lecture Notes in Bioinformatics)},
    author = {Yu, Meng Day and M'Raihi, David and Sowell, Richard and Devadas, Srinivas},
    pages = {358--373},
    volume = {6917 LNCS},
    url = {http://link.springer.com/10.1007%252F978-3-642-23951-9_24},
    isbn = {9783642239502},
    doi = {10.1007/978-3-642-23951-9_24},
    issn = {03029743},
    keywords = {ASIC, FPGA, Key Generation, Machine Learning, Physical Unclonable Functions, Syndrome Distribution Shaping}
}

@inproceedings{Ruhrmair2014PUFOverview,
    title = {PUF modeling attacks: An introduction and overview},
    year = {2014},
    booktitle = {Design, Automation and Test in Europe Conference and Exhibition},
    author = {Rührmair, U. and Solter, J.},
    pages = {1--6},
    publisher = {IEEE Conference Publications},
    url = {http://ieeexplore.ieee.org/ielx7/6784162/6800201/06800562.pdf?tp=&arnumber=6800562&isnumber=6800201%5Cnhttp://ieeexplore.ieee.org/xpls/abs_all.jsp?arnumber=6800562},
    address = {New Jersey},
    isbn = {9783981537024},
    doi = {10.7873/DATE.2014.361},
    issn = {15301591},
    keywords = {an introduction and overview, modeling attacks}
}

@article{Majzoobi2010FPGALines,
    title = {FPGA PUF using programmable delay lines},
    year = {2010},
    journal = {2010 IEEE International Workshop on Information Forensics and Security, WIFS 2010},
    author = {Majzoobi, Mehrdad and Koushanfar, Farinaz and Devadas, Srinivas},
    url = {http://ieeexplore.ieee.org/xpls/abs_all.jsp?arnumber=5711471},
    isbn = {9781424490783},
    doi = {10.1109/WIFS.2010.5711471},
    keywords = {FPGA, Majority voting, Physical unclonable functions, Programmable delay line, Tuning}
}

@article{Ruhrmair2010ModelingFunctions,
    title = {Modeling attacks on physical unclonable functions},
    year = {2010},
    journal = {Proceedings of the 17th ACM conference on Computer and communications security - CCS '10},
    author = {Rührmair, Ulrich and Sehnke, Frank and Sölter, Jan and Dror, Gideon and Devadas, Srinivas and Schmidhuber, Jürgen},
    pages = {237},
    url = {http://dl.acm.org/citation.cfm?id=1866307.1866335},
    isbn = {9781450302456},
    doi = {10.1145/1866307.1866335},
    issn = {15437221},
    keywords = {cryptanalysis, machine learning, physical cryptography, physical unclonable functions}
}

@phdthesis{Maes2013PhysicallyApplications,
    title={Physically unclonable functions: Constructions, properties and applications},
    author={Roel, MAES},
    journal={Dissertation, University of KU Leuven},
    year={2012},
    isbn = {9783642413957},
    url = {https://www.esat.kuleuven.be/cosic/publications/thesis-211.pdf}
}

@article{Rostami2014RobustMatching,
    title = {Robust and reverse-engineering resilient PUF authentication and key exchange by substring matching},
    year = {2014},
    journal = {IEEE Transactions on Emerging Topics in Computing},
    author = {Rostami, Masoud and Majzoobi, Mehrdad and Koushanfar, Farinaz and Wallach, Dan S. and Devadas, Srinivas},
    number = {1},
    pages = {37--49},
    volume = {2},
    doi = {10.1109/TETC.2014.2300635},
    issn = {21686750},
    keywords = {Physical unclonable functions, hardware security, security protocols}
}

@article{Morozov2009AFPGA,
    title = {A Comparative Analysis of Delay Based PUF Implementations on FPGA},
    year = {2009},
    author = {Morozov, Sergey and Maiti, Abhranil and Schaumont, Patrick},
    keywords = {arbiter, butterfly, delay, fpga, physical unclonable functions, process variation, puf, ring oscillator, routing}
}

@article{Schuster2010Side-ChannelPUFs,
    title = {Side-Channel Analysis of Physical Unclonable Functions (PUFs)},
    year = {2010},
    author = {Schuster, Dieter}
}

@article{Solter2009CryptanalysisAlgorithms,
    title = {Cryptanalysis of electrical PUFs via machine learning algorithms},
    year = {2009},
    author = {Sölter, Jan},
    number = {April 2009}
}

@article{Delavar2016APairs,
    title = {A Ring Oscillator-Based PUF With Enhanced Challenge-Response Pairs},
    year = {2016},
    journal = {Canadian Journal of},
    author = {Delavar, M and Mirzakuchaki, S},
    number = {2},
    pages = {174--180},
    volume = {39},
    url = {http://ieeexplore.ieee.org/xpls/abs_all.jsp?arnumber=7482897}
}

@article{Vijayakumar2016Machine,
    title = {Machine Learning Resistant Strong PUF : Possible or a Pipe Dream ?},
    year = {2016},
    journal = {2016 IEEE International Symposium on Hardware Oriented Security and Trust (HOST)},
    author = {Vijayakumar, Arunkumar and Patil, Vinay C. and Prado, Charles B. and Kundu, Sandip},
    month = {5},
    pages = {19--24},
    publisher = {IEEE},
    url = {http://ieeexplore.ieee.org/lpdocs/epic03/wrapper.htm?arnumber=7495550},
    isbn = {9781467388269},
    doi = {10.1109/HST.2016.7495550},
    keywords = {Bagging, Boosting, Integrated circuit modeling, Logistics, ML attack resistant, Machine Learning, Machine learning algorithms, Physically Unclonable Function, Resistance, Security, Support vector machines, bagging, boosting, cryptography, evolutionary computation, evolutionary techniques, key-generation authentication, learning (artificial intelligence), light-weight authentication, logistic regression, machine learning, message authentication, model building attack, physically unclonable functions, randomness properties, regression analysis, software model, strong PUF, support vector machines}
}

@article{Bruck1990HarmonicFunctions,
    title = {Harmonic Analysis of Polynomial Threshold Functions},
    year = {1990},
    journal = {SIAM Journal on Discrete Mathematics},
    author = {Bruck, Jehoshua},
    number = {2},
    pages = {168--177},
    volume = {3},
    url = {http://epubs.siam.org/doi/abs/10.1137/0403015},
    doi = {10.1137/0403015},
    issn = {0895-4801},
    keywords = {bent functions, boolean functions, circuit complexity, harmonic analysis, lower bounds}
}

@article{Blum1998AlgorithmicaNoisy,
    author = {A. Blum and A. Frieze and R. Kannan and S. Vempala}, 
    journal = {Proceedings of 37th Conference on Foundations of Computer Science}, 
    title = {A polynomial-time algorithm for learning noisy linear threshold functions}, 
    year = {1996}, 
    pages = {330-338}, 
    keywords = {computational complexity;heuristic programming;learning (artificial intelligence);noise;pattern classification;perceptrons;PAC model;data outlier removal;ellipsoid algorithm;greedy algorithms;input description length;linear program;noise tolerance;noisy linear threshold function learning;perceptron algorithm;polynomial-time algorithm;random classification noise;separation parameter;weak hypothesis finding;Computer science;Ear;Ellipsoids;Greedy algorithms;Linear programming;Machine learning;Machine learning algorithms;Polynomials;Vectors}, 
    doi = {10.1109/SFCS.1996.548492}, 
    ISSN = {0272-5428}
}

@article{Armknecht2016TowardsFunctions,
    title = {Towards a unified security model for Physically Unclonable Functions},
    year = {2016},
    journal = {Lecture Notes in Computer Science (including subseries Lecture Notes in Artificial Intelligence and Lecture Notes in Bioinformatics)},
    author = {Armknecht, Frederik and Moriyama, Daisuke and Sadeghi, Ahmad Reza and Yung, Moti},
    pages = {271--287},
    volume = {9610},
    isbn = {9783319294841},
    doi = {10.1007/978-3-319-29485-8_16},
    issn = {16113349},
    keywords = {Physically unclonable function, Security model, Specifications}
}

@article{Ganji2016PACPUFs,
    title = {PAC Learning of Arbiter PUFs},
    year = {2016},
    author = {Ganji, Fatemeh and Tajik, Shahin and Seifert, Jean-Pierre},
    journal={Journal of Cryptographic Engineering},
    volume={6},
    number={3},
    pages={249--258},
    publisher={Springer},
    keywords = {Arbiter PUF, Deterministic Finite Automata, Ma-chine Learning, PAC Learning, Regular Language Security in Telecommunications},
    issn={2190-8516},
    doi={10.1007/s13389-016-0119-4},
    url={http://dx.doi.org/10.1007/s13389-016-0119-4}
}

@article{Functions1990PolynomialFunctions,
    title = {Polynomial Threshold Functions,},
    year = {1990},
    author = {Functions, Polynomial Threshold and Abstract, Extended and Bruck, Jehoshua and Smolensky, Roman}
}

@book{Melorose2015BooleanModels,
    title = {Boolean Functions and Computation Models},
    year = {2015},
    booktitle = {Statewide Agricultural Land Use Baseline 2015},
    author = {Melorose, J. and Perroy, R. and Careas, S.},
    volume = {1},
    isbn = {9788578110796},
    doi = {10.1017/CBO9781107415324.004},
    issn = {1098-6596},
    pmid = {25246403},
    arxivId = {arXiv:1011.1669v3},
    keywords = {icle}
}

@article{Goldmann1992MajorityGates,
    title = {Majority gates vs. general weighted threshold gates},
    year = {1992},
    journal = {Computational Complexity},
    author = {Goldmann, Mikael and H{\aa}stad, Johan and Razborov, Alexander},
    number = {4},
    pages = {277--300},
    volume = {2},
    isbn = {0-8186-2955-X},
    doi = {10.1007/BF01200426},
    issn = {10163328},
    keywords = {Subject classifications: 68Q15, circuit complexity, lower bounds, majority circuits, threshold circuits}
}

@article{Hajnal1993ThresholdDepth,
    title = {Threshold circuits of bounded depth},
    year = {1993},
    journal = {Journal of Computer and System Sciences},
    author = {Hajnal, András and Maass, Wolfgang and Pudl{\'{a}}k, Pavel and Szegedy, Márió and Tur{\'{a}}n, György},
    number = {2},
    pages = {129--154},
    volume = {46},
    isbn = {0-8186-0807-2},
    doi = {10.1016/0022-0000(93)90001-D},
    issn = {10902724}
}

@article{Kearns1994CryptographicAutomata,
    title = {Cryptographic Limitations on Learning Boolean-Formulas and Finite Automata},
    year = {1994},
    journal = {Journal Of The Acm},
    author = {Kearns, M and Valiant, L},
    number = {1},
    pages = {67--95},
    volume = {41},
    url = {papers2://publication/uuid/E7878C98-E106-4522-B3D4-010BD9ABF825},
    isbn = {0897913078},
    doi = {10.1145/174644.174647},
    issn = {00045411}
}

@article{Klivans2002LearningHalfspaces,
    title = {Learning Intersections and Thresholds of Halfspaces},
    year = {2002},
    author = {Klivans, Adam and O'Donnell, Ryan and Servedio, Rocco A},
    pages = {177--186}
}

@misc{Kharitonov1995CryptographicDistribution,
    title = {Cryptographic lower bounds for learnability of Boolean functions on the uniform distribution},
    year = {1995},
    booktitle = {Journal of Computer and System Sciences},
    author = {Kharitonov, M},
    pages = {1--10},
    url = {http://www.sciencedirect.com/science/article/pii/S002200008571046X},
    isbn = {089791497X},
    doi = {10.1006/jcss.1995.1046},
    issn = {00220000}
}

@article{Kushilevitz1993LearningSpectrum,
    title = {Learning decision trees using the Fourier spectrum},
    year = {1993},
    journal = {SIAM Journal on Computing},
    author = {Kushilevitz, E and Mansour, Y},
    number = {6},
    pages = {1331--1348},
    volume = {22},
    url = {http://epubs.siam.org/doi/abs/10.1137/0222080},
    doi = {10.1137/0222080},
    keywords = {1, 42a 16, 68q20, 68t05, ams subject classifications, basis for machine learning, decision trees, effort has been devoted, fourier transform, in recent years much, introduction, machine learning, of learning models and, these efforts involved formalization, to providing a theoretical}
}

@article{Mansour1994LearningTransform,
    title = {Learning Boolean functions via the Fourier transform},
    year = {1994},
    journal = {Theoretical Advances in Neural Computation and Learning},
    author = {Mansour, Yishay},
    pages = {1--28},
    volume = {0},
    url = {http://link.springer.com/chapter/10.1007/978-1-4615-2696-4_11},
    isbn = {978-1-4613-6160-2},
    doi = {10.1007/978-1-4615-2696-4_11}
}

@article{Razborov1992OnCircuits,
    title = {On small depth threshold circuits},
    year = {1992},
    journal = {Algorithm Theory—SWAT'92},
    author = {Razborov, Alexander A},
    pages = {42--52},
    url = {http://link.springer.com/chapter/10.1007/3-540-55706-7_4}
}

@book{Roychowdhury1994TheoreticalLearning,
    title = {Theoretical Advances in Neural Computation and Learning},
    author = {Roychowdhury, Vwani P. and Siu, Kai-Yeung and Orlitsky, Alon},
    year = {1994},
    isbn = {079239478X},
    pages = {496},
    publisher = {Kluwer Academic Publishers},
    address = {Norwell, MA, USA}
}

@article{Servedio2007EveryApproximator,
    title = {Every linear threshold function has a low-weight approximator},
    year = {2007},
    journal = {Computational Complexity},
    author = {Servedio, Rocco A.},
    number = {2},
    pages = {180--209},
    volume = {16},
    isbn = {0769525962},
    doi = {10.1007/s00037-007-0228-7},
    issn = {10163328},
    keywords = {Boolean functions, Chow parameters, Computational learning theory, Linear threshold functions}
}

@article{Smolensky1987AlgebraicComplexity,
    title = {Algebraic methods in the theory of lower bounds for Boolean circuit complexity},
    year = {1987},
    journal = {Proceedings of the 19th Annual ACM Symposium on Theory of Computing},
    author = {Smolensky, R.},
    pages = {77--82},
    url = {http://dl.acm.org/citation.cfm?id=28395.28404},
    isbn = {0897912217},
    doi = {10.1145/28395.28404},
    issn = {07349025}
}

@article{Stanciu2016AChip,
    title = {A novel PUF-based encryption protocol for embedded System on Chip},
    year = {2016},
    journal = {2016 International Conference on Development and Application Systems (DAS)},
    author = {Stanciu, Alexandra and Moldoveanu, Florin Dumitru and Cirstea, Marcian},
    number = {11},
    pages = {158--165},
    url = {http://ieeexplore.ieee.org/lpdocs/epic03/wrapper.htm?arnumber=7492566},
    isbn = {978-1-5090-1993-9},
    doi = {10.1109/DAAS.2016.7492566},
    keywords = {embedded system, generators, physically unclonable functions, pseudorandm, security, system-on-chip}
}

@article{Suh2007PhysicalGeneration,
    title = {Physical unclonable functions for device authentication and secret key generation},
    year = {2007},
    journal = {Proceedings - Design Automation Conference},
    author = {Suh, G. Edward and Devadas, Srinivas},
    pages = {9--14},
    isbn = {1595936270},
    doi = {10.1109/DAC.2007.375043},
    issn = {0738100X},
    keywords = {IC authentication, Secret keys}
}

@article{Akavia2010ErratumNP-hardness,
    title = {Erratum for: on basing one-way functions on NP-hardness},
    year = {2010},
    author = {Akavia, Adi and Goldreich, Oded and Goldwasser, Shafi and Moshkovitz, Dana},
    pages = {795--796},
    volume = {3},
    keywords = {adaptive versus non-adaptive, interactive proof systems, one-way functions, reductions, worst-case to average-case reductions}
}

@article{Armknecht2011AFunctions,
    title = {A formal foundation for the security features of physical functions},
    year = {2011},
    journal = {Proceedings - IEEE Symposium on Security and Privacy},
    author = {Armknecht, Frederik and Maes, Roel and Sadeghi, Ahmad Reza and Standaert, Fran??ois Xavier and Wachsmann, Christian},
    pages = {397--412},
    isbn = {9780769544021},
    doi = {10.1109/SP.2011.10},
    issn = {10816011},
    keywords = {Formal security model, Physically Unclonable Function (PUF), Robustness, Unclonability, Unpredictability}
}

@article{CherifJouini2011PerformanceStatistics,
    title = {Performance evaluation of Physically Unclonable function by delay statistics},
    year = {2011},
    journal = {2011 IEEE 9th International New Circuits and Systems Conference, NEWCAS 2011},
    author = {Cherif Jouini, Zouha and Danger, Jean Luc and Bossuet, Lilian},
    pages = {482--485},
    isbn = {9781612841359},
    doi = {10.1109/NEWCAS.2011.5981324},
    keywords = {FPGA, PUF metrics, Physically Unclonable Function (PUF), Silicon PUF}
}

@article{Tajik2014PhysicalPUFs,
    title = {Physical Characterization of Arbiter PUFs},
    year = {2014},
    journal = {Cryptographic Hardware and Embedded Systems},
    author = {Tajik, Shahin and Dietz, Enrico and Frohmann, Sven and Seifert, Jean-Pierre and Nedospasov, Dmitry and Helfmeier, Clemens and Boit, Christian and Dittrich, Helmar},
    pages = {493--509},
    url = {http://0-link.springer.com.fama.us.es/chapter/10.1007/978-3-662-44709-3_27},
    isbn = {978-3-662-44709-3},
    doi = {10.1007/978-3-662-44709-3_27},
    issn = {16113349},
    keywords = {Arbiter PUF, Data Encryption, Special Purpose and Application-Based Systems, Systems and Data Security, backside, photonic emission analysis, physical characterization}
}

@article{Becker2015ThePUFs,
    title = {The Gap Between Promise and Reality: On the Insecurity of XOR Arbiter PUFs},
    year = {2015},
    journal = {Lecture Notes in Computer Science (including subseries Lecture Notes in Artificial Intelligence and Lecture Notes in Bioinformatics)},
    author = {Becker, Georg T.},
    pages = {535--555},
    volume = {9293},
    isbn = {9783662483237},
    doi = {10.1007/978-3-662-48324-4},
    issn = {16113349},
    keywords = {machine learning, pufs, real-world attacks, xor pufs}
}

@inproceedings{Ganji2015WhyPUFsOld,
    title = {Why attackers win: On the learnability of XOR arbiter PUFs},
    year = {2015},
    booktitle = {Lecture Notes in Computer Science (including subseries Lecture Notes in Artificial Intelligence and Lecture Notes in Bioinformatics)},
    author = {Ganji, Fatemeh and Tajik, Shahin and Seifert, Jean-Pierre Pierre and Fatemeh, Ganji(B)},
    pages = {22--39},
    volume = {9229},
    isbn = {9783319228457},
    doi = {10.1007/978-3-319-22846-4},
    issn = {16113349}
}
@Inbook{Ganji2015WhyPUFs,
    author="Ganji, Fatemeh
    and Tajik, Shahin
    and Seifert, Jean-Pierre",
    editor="Conti, Mauro
    and Schunter, Matthias
    and Askoxylakis, Ioannis",
    title="Why Attackers Win: On the Learnability of XOR Arbiter PUFs",
    bookTitle="Trust and Trustworthy Computing: 8th International Conference, TRUST 2015, Heraklion, Greece, August 24-26, 2015, Proceedings",
    year="2015",
    publisher="Springer International Publishing",
    address="Cham",
    pages="22--39",
    isbn="978-3-319-22846-4",
    doi="10.1007/978-3-319-22846-4_2",
    url="http://dx.doi.org/10.1007/978-3-319-22846-4_2"
}



@article{Lee2004AApplications,
    title = {A technique to build a secret key in integrated circuits for identification and authentication applications},
    year = {2004},
    journal = {Proceedings of 2004 Symposium on VLSI Circuits.},
    author = {Lee, J.W. and Lim, Daihyun Lim Daihyun and Gassend, B. and Suh, G.E. and Dijk, M. Van and Devadas, S.},
    pages = {176--179},
    isbn = {0-7803-8287-0},
    doi = {10.1109/VLSIC.2004.1346548}
}

@article{Gassend2002SiliconFunctions,
    title = {Silicon physical random functions},
    year = {2002},
    journal = {Proceedings of the 9th ACM Conference on Computer and Communications Security, CCS2002},
    author = {Gassend, Blaise and Clarke, Dwaine and van Dijk, Marten and Devadas, Srinivas},
    pages = {148},
    url = {http://dl.acm.org/citation.cfm?id=586110.586132},
    isbn = {1581136129},
    doi = {10.1145/586110.586132},
    issn = {10639527},
    keywords = {identification, physical random function, physical security, smartcard, tamper resistance, unclonability}
}

@article{Becker2010OnBifurcation,
    title = {On The Scaling of Machine Learning Attacks on PUFs with Application to Noise Bifurcation},
    year = {2010},
    journal = {Radio Frequency Identification: Security and Privacy Issues},
    author = {Becker, Georg T. and Tobisch, J.},
    pages = {17--31},
    volume = {6370},
    url = {http://link.springer.com/chapter/10.1007/978-3-319-24837-0_2},
    isbn = {978-3-319-24837-0},
    doi = {10.1007/978-3-319-24837-0_2},
    keywords = {RFIDSec}
}

@article{Delvaux2013SideNoise,
    title = {Side channel modeling attacks on 65nm arbiter PUFs exploiting CMOS device noise},
    year = {2013},
    journal = {Proceedings of the 2013 IEEE International Symposium on Hardware-Oriented Security and Trust, HOST 2013},
    author = {Delvaux, Jeroen and Verbauwhede, Ingrid},
    pages = {137--142},
    isbn = {9781479906000},
    doi = {10.1109/HST.2013.6581579}
}

@article{Machida2015ImplementationFPGA,
    title = {Implementation of double arbiter PUF and its performance evaluation on FPGA},
    year = {2015},
    journal = {20th Asia and South Pacific Design Automation Conference, ASP-DAC 2015},
    author = {Machida, Takanori and Yamamoto, Dai and Iwamoto, Mitsugu and Sakiyama, Kazuo},
    pages = {6--7},
    isbn = {9781479977925},
    doi = {10.1109/ASPDAC.2015.7058919}
}

@article{Machida2015AFPGA,
    title = {A New Arbiter PUF for Enhancing Unpredictability on FPGA},
    year = {2015},
    journal = {Scientific World Journal},
    author = {Machida, Takanori and Yamamoto, Dai and Iwamoto, Mitsugu and Sakiyama, Kazuo},
    volume = {2015},
    publisher = {Hindawi Publishing Corporation},
    doi = {10.1155/2015/864812},
    issn = {1537744X}
}

@Inbook{Ruhrmair2010StrongProofs,
    author="R{\"u}hrmair, Ulrich
    and Busch, Heike
    and Katzenbeisser, Stefan",
    editor="Sadeghi, Ahmad-Reza
    and Naccache, David",
    title="Strong PUFs: Models, Constructions, and Security Proofs",
    bookTitle="Towards Hardware-Intrinsic Security: Foundations and Practice",
    year="2010",
    publisher="Springer Berlin Heidelberg",
    address="Berlin, Heidelberg",
    pages="79--96",
    isbn="978-3-642-14452-3",
    doi="10.1007/978-3-642-14452-3_4",
    url="http://dx.doi.org/10.1007/978-3-642-14452-3_4"
}


@article{Ozturk2008TowardsDevices,
    title = {Towards robust low cost authentication for pervasive devices},
    year = {2008},
    journal = {6th Annual IEEE International Conference on Pervasive Computing and Communications, PerCom 2008},
    author = {Öztürk, Erdinç and Hammouri, Ghaith and Sunar, Berk},
    pages = {170--178},
    isbn = {076953113X},
    doi = {10.1109/PERCOM.2008.54}
}

@article{Lim2005ExtractingCircuits,
    title = {Extracting Keys from Integrated Circuits},
    year = {2005},
    journal = {IEEE Transactions on Very Large Scale Integration (VLSI) Systems},
    author = {Lim, Daihyun and Lee, Jae W. and Gassend, Blaise and Suh, G. Edward and Dijk, Marten van and Devadas, Srinivas},
    number = {10},
    pages = {1200--1205},
    volume = {13},
    isbn = {9781424420872},
    doi = {10.1109/TVLSI.2005.859470},
    issn = {1063-8210},
    keywords = {icle}
}

@article{Herder2014PhysicalTutorial,
    title = {Physical unclonable functions and applications: A tutorial},
    year = {2014},
    journal = {Proceedings of the IEEE},
    author = {Herder, Charles and Yu, Meng Day and Koushanfar, Farinaz and Devadas, Srinivas},
    number = {8},
    pages = {1126--1141},
    volume = {102},
    isbn = {0018-9219},
    doi = {10.1109/JPROC.2014.2320516},
    issn = {00189219},
    keywords = {Arbiter, SRAM, index-based coding, pattern matching, physical unclonable function (PUF), public model PUFs, ring oscillator, unclonable}
}

@article{Ruhrmair2014PUFsGlance,
    title = {PUFs at a glance},
    year = {2014},
    journal = {Design, Automation and Test in Europe Conference and Exhibition 2014},
    author = {Rührmair, Ulrich and Holcomb, Daniel E.},
    pages = {1--6},
    url = {http://ieeexplore.ieee.org/xpl/articleDetails.jsp?arnumber=6800561},
    isbn = {9783981537024},
    doi = {10.7873/DATE.2014.360},
    issn = {1468-2079},
    pmid = {20813749},
    keywords = {overview, physical unclonable functions, strong pufs, survey, weak pufs}
}

@article{Ruhrmair2013PUFsEvaluations,
    title = {PUFs in security protocols: Attack models and security evaluations},
    year = {2013},
    journal = {Proceedings - IEEE Symposium on Security and Privacy},
    author = {Rührmair, Ulrich and Van Dijk, Marten},
    pages = {286--300},
    isbn = {9780769549774},
    doi = {10.1109/SP.2013.27},
    issn = {10816011},
    keywords = {(Strong) PUFs, (Strong) Physical Unclonable Functions, Attack Models, Bit Commitment, Certifiable PUFs, Erasable PUFs, Key Exchange, Oblivious Transfer}
}

@article{Delvaux2014SecureImpossible,
    title = {Secure Lightweight Entity Authentication with Strong PUFs: Mission Impossible?},
    year = {2014},
    journal = {Cryptographic Hardware and Embedded Systems – CHES 2014},
    author = {Delvaux, Jeroen and Gu, Dawu and Schellekens, Dries and Verbauwhede, Ingrid},
    number = {8731},
    pages = {451--475},
    url = {http://0-link.springer.com.fama.us.es/chapter/10.1007/978-3-662-44709-3_25},
    isbn = {978-3-662-44708-6, 978-3-662-44709-3},
    doi = {10.1007/978-3-662-44709-3},
    issn = {16113349},
    keywords = {Data Encryption, Special Purpose and Application-Based Systems, Systems and Data Security, entity authentication, lightweight, physically unclonable function}
}

@article{Hansen2006TheReview,
    title = {The CMA Evolution Strategy: A Comparing Review},
    author={Hansen, Nikolaus},
    journal={Towards a new evolutionary computation},
    pages={75--102},
    year={2006},
    publisher={Springer},
    isbn={978-3-540-32494-2},
    doi={10.1007/3-540-32494-1_4},

}
%    url={http://dx.doi.org/10.1007/3-540-32494-1_4}

@article{Becker2014ActiveDesigns,
    title = {Active and Passive Side-Channel Attacks on Delay Based PUF Designs},
    year = {2014},
    journal = {IACR Cryptology ePrint Archive},
    author = {Becker, Georg T. and Kumar, Raghavan},
    pages = {1--14},
    url = {http://eprint.iacr.org/2014/287.pdf}
}

@article{Majzoobi2011FPGA-BasedControl,
    title = {FPGA-Based True Random Number Generation Using Circuit Metastability with Adaptive Feedback Control},
    year = {2011},
    journal = {Gastroenterology},
    author = {Majzoobi, Mehrdad and Koushanfar, Farinaz and Devadas, Srinivas},
    number = {1},
    pages = {17--32},
    volume = {101},
    url = {http://link.springer.com/10.1007/978-3-642-23951-9_2},
    doi = {10.1007/978-3-642-23951-9_2}
}

@article{Yu2016AAuthentication,
    title = {A Lockdown Technique to Prevent Machine Learning on PUFs for Lightweight Authentication},
    year = {2016},
    journal = {IEEE Transactions on Multi-Scale Computing Systems},
    author = {Yu, M D and Hiller, M and Delvaux, J and Sowell, R and Devadas, S and Verbauwhede, I},
    volume={2}, 
    number={3}, 
    pages={146-159}, 
    doi={10.1109/TMSCS.2016.2553027}, 
    keywords={computational complexity;cryptographic protocols;PAC complexity-theoretic framework;adaptive chosen-challenge adversary;challenge-response pair lockdown protocol;computationally unrestricted adversaries;lightweight PUF-based authentication;physically unclonable functions;probably-approximately-correct complexity-theoretic framework;server-managed CRP lockdown protocol;worst-case CRP exposure algorithmic validation;Authentication;Cryptography;Manufacturing;Protocols;Servers;Silicon;Physical unclonable function;authentication;computationally unrestricted adversary;heuristic security;machine learning;probably approximately correct (PAC) learning}, 
}

@article{Ruhrmair2009OnFunctions,
    title = {On the Foundations of Physical Unclonable Functions},
    year = {2009},
    journal = {Cryptology ePrint Archive},
    author = {Rührmair, Ulrich and Sölter, Jan and Sehnke, Frank},
    pages = {1--20}
}

@article{WillschStatisticalPUFs,
    title = {Statistical tests to determine spatial correlations in the response behavior of PUFs},
    author = {Willsch, Benjamin and Hauser, Julia and Dreiner, Stefan and Goehlich, Andreas and Vogt, Holger},
    isbn = {9781509004935},
    keywords = {andreas goehlich and holger, benjamin willsch, circuits and systems, fraunhofer institute for microelectronic, ims, julia hauser, pufs, spatial correlations in, stefan dreiner, the response behavior of, tistical tests to determine, vogt}
}

@article{Spenke2016AnFPGA,
    title = {An Arbiter PUF Secured by Remote Random Reconfigurations of an FPGA},
    year = {2016},
    journal = {7th International Conference, TRUST 2014},
    author = {Spenke, Alexander and Breithaupt, Ralph and Plaga, Rainer},
    pages = {140--158},
    volume = {8564},
    url = {http://link.springer.com/10.1007/978-3-319-45572-3_8},
    isbn = {978-3-319-08592-0},
    doi = {10.1007/978-3-319-45572-3_8},
    issn = {0302-9743},
    pmid = {4520227},
    arxivId = {9780201398298},
    keywords = {biometrics, field programmable gate arrays, of chips, pufs, silicon biometrics, strong physical unclonable functions}
}

@article{Saha2016TV-PUFPUF,
    title = {TV-PUF : A Fast Lightweight Aging-Resistant Threshold Voltage PUF},
    year = {2016},
    author = {Saha, Tanujay and Sehwag, Vikash},
    keywords = {aging resistant puf, hardware security, low power embedded systems, physical unclonable function, process, puf, variation},
    howpublished = {Cryptology ePrint Archive, Report 2016/774},
    url = {http://eprint.iacr.org/2016/774},
}

@article{Shalev-Shwartz2011UsingTime,
    title = {Using More Data to Speed-up Training Time},
    year = {2011},
    journal = {arXiv.org},
    author = {Shalev-Shwartz, S and Shamir, O and Tromer, E},
    volume = {XX},
    url = {http://arxiv.org/abs/1106.1216%5Cnpapers3://publication/uuid/AD24A553-EA0A-49BD-9199-F75D0C32A3E2},
    issn = {15337928},
    arxivId = {arXiv:1106.1216v2}
}

@article{Ruhrmair2013PUFData,
    title = {PUF modeling attacks on simulated and silicon data},
    year = {2013},
    journal = {IEEE Transactions on Information Forensics and Security},
    author = {Rührmair, Ulrich and Solter, Jan and Sehnke, Frank and Xu, Xiaolin and Mahmoud, Ahmed and Stoyanova, Vera and Dror, Gideon and Schmidhuber, Jurgen and Burleson, Wayne and Devadas, Srinivas},
    number = {11},
    pages = {1876--1891},
    volume = {8},
    doi = {10.1109/TIFS.2013.2279798},
    issn = {15566013},
    keywords = {Physical unclonable functions, cryptanalysis, machine learning, physical cryptography}
}

@article{Majzoobi2008TestingSecurity,
    title = {Testing techniques for hardware security},
    year = {2008},
    journal = {Proceedings - International Test Conference},
    author = {Majzoobi, Mehrdad and Koushanfar, Farinaz and Potkonjak, Miodrag},
    pages = {1--10},
    isbn = {9781424424030},
    doi = {10.1109/TEST.2008.4700636},
    issn = {10893539}
}

@article{Majzoobi2008LightweightPUFs,
    title = {Lightweight secure PUFs},
    year = {2008},
    journal = {2008 IEEE/ACM International Conference on Computer-Aided Design},
    author = {Majzoobi, Mehrdad and Koushanfar, Farinaz and Potkonjak, Miodrag},
    pages = {670--673},
    volume = {77005},
    isbn = {9781424428205},
    doi = {10.1109/ICCAD.2008.4681648},
    issn = {10923152}
}

@book{Ross2010IntroductionModels,
    title = {Introduction to Probability Models},
    year = {2010},
    author = {Ross, Sheldon M.},
    pages = {801},
    isbn = {9780123756862},
    doi = {10.1080/00401706.1998.10485493},
    issn = {0040-1706},
    pmid = {15003161},
    arxivId = {0712.0689}
}

@book{Holz2014TrustComputing,
    title = {Trust and Trustworthy Computing},
    year = {2014},
    booktitle = {7th International Conference, TRUST 2014},
    author = {Holz, Thorsten and Hutchison, David},
    number = {Vm},
    pages = {236},
    volume = {8564},
    url = {http://link.springer.com/10.1007/978-3-319-08593-7},
    isbn = {978-3-319-08592-0},
    doi = {10.1007/978-3-319-08593-7},
    issn = {0302-9743},
    pmid = {4520227},
    arxivId = {9780201398298},
    keywords = {fast switch, green virtual machines, integrity, protection, red, trusted path, virtualization}
}

@article{Mahmoud2013CombinedPUFs,
    title = {Combined Modeling and Side Channel Attacks on Strong PUFs},
    year = {2013},
    journal = {ePrint Archive},
    author = {Mahmoud, Ahmed and Rührmair, Ulrich},
    pages = {1--9},
    url = {http://eprint.iacr.org/2013/632},
    keywords = {all or part of, hardware security, ing attacks, model-, or hard copies of, permission to make digital, physical unclonable functions, side channel attacks, this work for}
}

@book{Edition2010SmartHandbook,
    title = {Smart Card Handbook},
    year = {2010},
    author = {Edition, Fourth},
    isbn = {9780470743676}
}

@article{Majzoobi2009TechniquesPUFs,
    title = {Techniques for Design and Implementation of Secure Reconfigurable PUFs},
    year = {2009},
    journal = {ACM Transactions on Reconfigurable Technology and Systems},
    author = {Majzoobi, Mehrdad and Koushanfar, Farinaz and Potkonjak, Miodrag},
    pages = {1--33},
    volume = {2},
    number = {1},
    doi = {10.1145/1502781.1502786.http},
    issn = {19367406}
}

@article{Maes2012ExperimentalCMOS,
    author={R. Maes and V. Rozic and I. Verbauwhede and P. Koeberl and E. van der Sluis and V. van der Leest}, 
    journal={2012 Proceedings of the ESSCIRC (ESSCIRC)}, 
    title={Experimental evaluation of Physically Unclonable Functions in 65 nm CMOS}, 
    year={2012}, 
    pages={486-489}, 
    keywords={CMOS integrated circuits;application specific integrated circuits;integrated circuit design;low-power electronics;silicon;CMOS;buskeeper PUF;delay-based PUF;low power technology;memory-based PUF;physically unclonable function;silicon characterization;silicon device ageing;silicon technology;size 65 nm;standard cell ASIC design flow;Aging;Latches;Random access memory;Reliability;Ring oscillators;Temperature;Temperature measurement}, 
    doi={10.1109/ESSCIRC.2012.6341361}, 
    ISSN={1930-8833}, 
    month={Sept}
}

@article{Ozturk2008PhysicalBuffers,
    title = {Physical unclonable function with tristate buffers},
    year = {2008},
    journal = {Proceedings - IEEE International Symposium on Circuits and Systems},
    author = {Öztürk, Erdinç and Hammouri, Ghaith and Sunar, Berk},
    pages = {3194--3197},
    isbn = {9781424416844},
    doi = {10.1109/ISCAS.2008.4542137},
    issn = {02714310},
    keywords = {PUFs, RFIDs., autentication, tamper-resilince}
}

@article{Jouini2013EvaluationFPGA,
    title = {Evaluation of Delay PUFs on CMOS 65 nm Technology: ASIC vs FPGA},
    year = {2013},
    journal = {Trudevice2013},
    author = {Jouini, ZC and Danger, JL and Bossuet, Lilian},
    pages = {1--2},
    url = {http://trudevice.com/Workshop/program/5 Z.Cherif TRUDEVICE_2013.pdf},
    isbn = {9781450321181},
    keywords = {2013, and utilization of secure, asic vs fpga, avignon, devices, evaluation of delay pufs, france, hor manuscript, on cmos 65 nm, published in, puf, randomness, steadiness, technology, trudevice 2013, uniqueness, workshop on trustworthy manufacturing}
}

@online{Semiconductor2002BasicComparison,
    title = {Basic Analog and Digital Multiplexer Design Comparison},
    year = {2002},
    author = {Semiconductor, Fairchild},
    pages = {3--5},
    url = {http://application-notes.digchip.com/009/9-12462.pdf}
}

@article{Lin2010Low-powerFunctions,
    title = {Low-power sub-threshold design of secure physical unclonable functions},
    year = {2010},
    journal = {International Symposium on Low-Power Electronics and Design (ISLPED)},
    author = {Lin, Lang and Holcomb, Dan and Krishnappa, Dilip Kumar and Shabadi, Prasad and Burleson, Wayne},
    pages = {43--48},
    isbn = {9781450301466},
    doi = {10.1145/1840845.1840855},
    issn = {15334678},
    keywords = {Physical unclonable function, RFID, embedded system security, sub-threshold circuits}
}

@online{Wikipedia2016Multiplexer,
    title = {Multiplexer},
    year = {2016},
    author = {Wikipedia},
    url = {http://en.wikipedia.org/w/index.php?title=Multiplexer}
}
@online{Wikipedia2016Flip-flopelectronics,
    title = {Flip-flop (electronics)},
    year = {2016},
    author = {Wikipedia},
    url = {https://en.wikipedia.org/wiki/Flip-flop_(electronics)}
}
@online{Wikipedia2016NANDGate,
    title = {NAND gate},
    year = {2016},
    author = {Wikipedia},
    url = {https://en.wikipedia.org/wiki/NAND_gate}
}
@book{Mano2008Logicfundamentals,
  title={Logic and computer design fundamentals},
  author={Mano, M Morris and Kime, Charles R and Martin, Tom and others},
  volume={3},
  year={2008},
  publisher={Prentice Hall}
}

@article{Maes2012PUFKY:Generator,
    title = {PUFKY: A fully functional PUF-based cryptographic key generator},
    year = {2012},
    journal = {Lecture Notes in Computer Science (including subseries Lecture Notes in Artificial Intelligence and Lecture Notes in Bioinformatics)},
    author = {Maes, Roel and Van Herrewege, Anthony and Verbauwhede, Ingrid},
    pages = {302--319},
    volume = {7428 LNCS},
    isbn = {9783642330261},
    doi = {10.1007/978-3-642-33027-8_18},
    issn = {03029743},
    keywords = {Cryptographic Key Generation, Fuzzy Extractors, Physically Unclonable Functions (PUFs)}
}

@article{Gassend2007ControlledFunctions,
    title = {Controlled physical random functions},
    year = {2007},
    journal = {Security with Noisy Data: On Private Biometrics, Secure Key Storage and Anti-Counterfeiting},
    author = {Gassend, Blaise and Van Dijk, Marten and Clarke, Dwaine and Devadas, Srinivas},
    pages = {235--253},
    isbn = {9781846289835},
    doi = {10.1007/978-1-84628-984-2_14},
    issn = {10639527}
}

@article{Hospodar2012MachineUsability,
    title = {Machine learning attacks on 65nm Arbiter PUFs: Accurate modeling poses strict bounds on usability},
    year = {2012},
    journal = {WIFS 2012 - Proceedings of the 2012 IEEE International Workshop on Information Forensics and Security},
    author = {Hospodar, Gabriel and Maes, Roel and Verbauwhede, Ingrid},
    pages = {37--42},
    isbn = {9781467322874},
    doi = {10.1109/WIFS.2012.6412622}
}

@article{Gassend2003Delay-basedApplications,
    title = {Delay-based circuit authentication and applications},
    year = {2003},
    journal = {Proceedings of the 2003 ACM symposium on Applied computing - SAC '03},
    author = {Gassend, Blaise and Clarke, Dwaine and van Dijk, Marten and Devadas, Srinivas},
    pages = {294},
    url = {http://ezproxy.library.nyu.edu:2936/citation.cfm?id=952532.952593},
    isbn = {1581136242},
    doi = {10.1145/952532.952593},
    keywords = {physical random function, physical security, smartcard, tamper resistance, unclonability}
}

@article{Pappu2001PhysicalFunctions,
    title = {Physical One-Way Functions},
    year = {2001},
    journal = {Science},
    author = {Pappu, R.},
    number = {5589},
    pages = {2026--2030},
    volume = {297},
    url = {http://www.sciencemag.org/cgi/doi/10.1126/science.1074376},
    doi = {10.1126/science.1074376},
    issn = {00368075},
    pmid = {12242435}
}

@article{Gassend2004IdentificationCircuits,
    title = {Identification and authentication of integrated circuits},
    year = {2004},
    journal = {Concurrency Computation Practice and Experience},
    author = {Gassend, Blaise and Lim, Daihyun and Clarke, Dwaine and Van Dijk, Marten and Devadas, Srinivas},
    number = {11},
    pages = {1077--1098},
    volume = {16},
    doi = {10.1002/cpe.805},
    issn = {15320626},
    keywords = {Authentication, Identification, Physical random function, Physical security, Smartcard, Tamper resistance, Unclonability}
}

@article{Hammouri2008AScheme,
    title = {A tamper-proof and lightweight authentication scheme},
    year = {2008},
    journal = {Pervasive and Mobile Computing},
    author = {Hammouri, Ghaith and Öztürk, Erdinç and Sunar, Berk},
    number = {6},
    pages = {807--818},
    volume = {4},
    publisher = {Elsevier B.V.},
    url = {http://dx.doi.org/10.1016/j.pmcj.2008.07.001},
    doi = {10.1016/j.pmcj.2008.07.001},
    issn = {15741192},
    keywords = {Low power authentication, Physical unclonable functions (PUF), RFIDs, Sensor networks security, Tamper-proof chips}
}

@article{Helfmeier2014PhysicalFunctions,
    title = {Physical vulnerabilities of Physically Unclonable Functions},
    year = {2014},
    journal = {Design, Automation and Test in Europe Conference and Exhibition},
    author = {Helfmeier, Clemens and Boit, Christian and Nedospasov, Dmitry and Tajik, Shahin and Seifert, Jean-Pierre},
    pages = {1--4},
    url = {http://ieeexplore.ieee.org/xpl/articleDetails.jsp?arnumber=6800564},
    isbn = {9783981537024},
    doi = {10.7873/DATE.2014.363},
    issn = {15301591},
    keywords = {sical vulnerabilities of physically, unclonable}
}

@book{Ben-David2014UnderstandingAlgorithms,
    title = {Understanding Machine Learning: From Theory to Algorithms},
    year = {2014},
    booktitle = {Understanding Machine Learning: From Theory to Algorithms},
    author = {Ben-David, Shai and Shalev-Shwartz, Shai},
    pages = {449},
    url = {http://www.cs.huji.ac.il/~shais/UnderstandingMachineLearning/understanding-machine-learning-theory-algorithms.pdf},
    isbn = {9781107057135},
    doi = {10.1017/CBO9781107298019}
}

@article{Ye2016POSTER:Function,
    title = {POSTER: Attack on Non-Linear Physical Unclonable Function},
    year = {2016},
    author = {Ye, Jing and Hu, Yu and Li, Xiaowei},
    pages = {1751--1753},
    isbn = {9781450341394}
}

@article{Ganji2015LatticeFunctions,
    title = {Lattice Basis Reduction Attack against Physically Unclonable Functions},
    year = {2015},
    journal = {Proceedings of the 22nd ACM SIGSAC Conference on Computer and Communications Security - CCS '15},
    author = {Ganji, Fatemeh and Krämer, Juliane and Seifert, Jean-pierre and Tajik, Shahin},
    pages = {1070--1080},
    url = {http://dl.acm.org/citation.cfm?doid=2810103.2813723},
    isbn = {9781450338325},
    doi = {10.1145/2810103.2813723},
    issn = {15437221},
    keywords = {hidden subset sum problem, lat-, photonic, physically unclonable functions, tice basis reduction, xor arbiter pufs}
}

@article{Soybali2011ImplementationFPGA,
    title = {Implementation of a PUF circuit on a FPGA},
    year = {2011},
    journal = {2011 4th IFIP International Conference on New Technologies, Mobility and Security, NTMS 2011 - Proceedings},
    author = {Soybali, Mehmet and Ors, Berna and Saldamli, Gokay},
    url = {http://ieeexplore.ieee.org/xpls/abs_all.jsp?arnumber=5720638},
    isbn = {9781424487042},
    doi = {10.1109/NTMS.2011.5720638},
    issn = {2157-4952}
}

@article{Klivans2006CryptographicHalfspaces,
    title = {Cryptographic Hardness for Learning Intersections of Halfspaces},
    year = {2006},
    author = {Klivans, Adam R and Sherstov, Alexander A},
    pages = {335--349},
    keywords = {computational, cryptographic hardness results, intersections of halfspaces, lattice-based cryptography, learning theory}
}

@article{Willers2016MEMS-basedFunctions,
    title = {MEMS-based Gyroscopes as Physical Unclonable Functions},
    year = {2016},
    journal = {Cryptology ePrint Archive},
    author = {Willers, Oliver and Huth, Christopher and Guajardo, Jorge and Seidel, Helmut},
    number = {261},
    pages = {591--602},
    url = {https://eprint.iacr.org/2016/261.pdf},
    isbn = {9781450341394},
    keywords = {hardware security, iot security, mobile security and privacy}
}

@online{Hansen2011TheTutorial,
    title = {The CMA evolution strategy: A tutorial},
    year = {2011},
    author = {Hansen, Nikolaus},
    pages = {1--34},
    url = {http://www.lri.fr/~hansen/cmatutorial110628.pdf},
    isbn = {3540290060},
    doi = {10.1007/11007937_4},
    issn = {14349922},
    arxivId = {1604.00772}
}

@online{Wikipedia2017MaximumEstimation,
    title = {Maximum likelihood estimation},
    year = {2017},
    author = {Wikipedia},
    url = {https://en.wikipedia.org/wiki/Maximum_likelihood_estimation}
}
@article{Aldrich1997RA1922,
    author = "Aldrich, John",
    doi = "10.1214/ss/1030037906",
    fjournal = "Statistical Science",
    journal = "Statist. Sci.",
    month = "09",
    number = "3",
    pages = "162--176",
    publisher = "The Institute of Mathematical Statistics",
    title = "R.A. Fisher and the making of maximum likelihood 1912-1922",
    url = "http://dx.doi.org/10.1214/ss/1030037906",
    volume = "12",
    year = "1997"
}

@online{Wikipedia2016Perceptron,
    title = {Perceptron},
    year = {2016},
    author = {Wikipedia},
    url = {https://en.wikipedia.org/wiki/Perceptron}
}
Rosenblatt1957TheAutomaton
Kernel:
@Article{Freund1999LargeAlgorithm,
    author="Freund, Yoav
    and Schapire, Robert E.",
    title="Large Margin Classification Using the Perceptron Algorithm",
    journal="Machine Learning",
    year="1999",
    volume="37",
    number="3",
    pages="277--296",
    abstract="We introduce and analyze a new algorithm for linear classification which combines Rosenblatt's perceptron algorithm with Helmbold and Warmuth's leave-one-out method. Like Vapnik's maximal-margin classifier, our algorithm takes advantage of data that are linearly separable with large margins. Compared to Vapnik's algorithm, however, ours is much simpler to implement, and much more efficient in terms of computation time. We also show that our algorithm can be efficiently used in very high dimensional spaces using kernel functions. We performed some experiments using our algorithm, and some variants of it, for classifying images of handwritten digits. The performance of our algorithm is close to, but not as good as, the performance of maximal-margin classifiers on the same problem, while saving significantly on computation time and programming effort.",
    issn="1573-0565",
    doi="10.1023/A:1007662407062",
    url="http://dx.doi.org/10.1023/A:1007662407062"
}


@online{Wikipedia2017MultilayerPerceptron,
    title = {Multilayer perceptron},
    year = {2017},
    author = {Wikipedia},
    url = {https://en.wikipedia.org/wiki/Multilayer_perceptron}
}
@techreport{Rosenblatt1961PrinciplesmechanismsOld,
  title={Principles of neurodynamics. perceptrons and the theory of brain mechanisms},
  author={Rosenblatt, Frank},
  year={1961},
  institution={DTIC Document}
}
@Inbook{Rosenblatt1961Principlesmechanisms,
  author={Rosenblatt, Frank},
    editor="Palm, G{\"u}nther
    and Aertsen, Ad",
    title="Principles of Neurodynamics: Perceptrons and the Theory of Brain Mechanisms",
    bookTitle="Brain Theory: Proceedings of the First Trieste Meeting on Brain Theory, October 1--4, 1984",
    year="1986",
    publisher="Springer Berlin Heidelberg",
    address="Berlin, Heidelberg",
    pages="245--248",
    isbn="978-3-642-70911-1",
    doi="10.1007/978-3-642-70911-1_20",
    url="http://dx.doi.org/10.1007/978-3-642-70911-1_20"
}



@techreport{Rosenblatt1957TheAutomaton,
    title = {The Perceptron - A Perceiving and Recognizing Automaton},
    year = {1957},
    type = {Tech. Rep.},
    number = {85-460-1},
    author = {Rosenblatt, F.},
    institution={Cornell Aeronautical Laboratory}
}

@article{Becker2015OnBlocks,
    title = {On the Pitfalls of Using Arbiter-PUFs as Building Blocks},
    year = {2015},
    journal = {IEEE Transactions on Computer-Aided Design of Integrated Circuits and Systems},
    author = {Becker, Georg T.},
    number = {8},
    pages = {1295--1307},
    volume = {34},
    isbn = {0278-0070},
    doi = {10.1109/TCAD.2015.2427259},
    issn = {02780070},
    keywords = {Evolution strategies (ES), machine learning, physical unclonable functions (PUFs), reverse fuzzy extractor}
}

@book{Minsky1969Perceptrons:Geometry,
    title={Perceptrons: An Introduction to Computation Geometry},
    author = {Minsky, Marvin and Papert, Seymour},
    publisher={MIT press},
    pages={258},
    year={1969}
}

@inproceedings{Ruhrmair2012AnPUFs,
    title = {An attack on PUF-based session key exchange and a hardware-based countermeasure: Erasable PUFs},
    year = {2012},
    booktitle = {Lecture Notes in Computer Science (including subseries Lecture Notes in Artificial Intelligence and Lecture Notes in Bioinformatics)},
    author = {Rührmair, Ulrich and Jaeger, Christian and Algasinger, Michael},
    pages = {190--204},
    volume = {7035 LNCS},
    publisher = {Germany: Springer-Verlag},
    isbn = {9783642275753},
    doi = {10.1007/978-3-642-27576-0_16},
    issn = {03029743}
}

@article{Helinski2009AVariations,
    title = {A Physical Unclonable Function Defined Using Power Distribution System Equivalent Resistance Variations},
    year = {2009},
    journal = {ACM/IEEE Design Automation Conference},
    author = {Helinski, R. and Acharyya, D. and Plusquellic, J.},
    pages = {676--681},
    isbn = {978-1-6055-8497-3},
    doi = {10.1145/1629911.1630089},
    issn = {0738-100X},
    keywords = {Hardware security, process variations, unique identifier}
}

@article{Csaba2010ApplicationCryptography,
    title = {Application of mismatched Cellular Nonlinear Networks for Physical Cryptography},
    year = {2010},
    journal = {International Workshop on Cellular Nanoscale Networks and their Applications (CNNA 2010)},
    author = {Csaba, Gyorgy and Ju, Xueming and Ma, Zhiqian and Chen, Qingqing and Porod, Wolfgang and Schmidhuber, Jurgen and Schlichtmann, Ulf and Lugli, Paolo and Rührmair, Ulrich},
    pages = {1--6},
    url = {http://ieeexplore.ieee.org/abstract/document/5430303/},
    isbn = {978-1-4244-6679-5},
    doi = {10.1109/CNNA.2010.5430303},
    keywords = {analog circuits, cellular nonlinear, physical cryptography, physical uncloneable functions, puf}
}

@online{Wikipedia2016SupportMachine,
    title = {Support vector machine},
    year = {2016},
    author = {Wikipedia},
    url = {https://en.wikipedia.org/wiki/Support_vector_machine}
}
@book{Cristianini2000AnMethods,
     author = {Cristianini, Nello and Shawe-Taylor, John},
     title = {An Introduction to Support Vector Machines: And Other Kernel-based Learning Methods},
     year = {2000},
     isbn = {0-521-78019-5},
     publisher = {Cambridge University Press},
} 

@online{Wikipedia2016ConditionNumber,
    title = {Condition number},
    year = {2016},
    author = {Wikipedia},
    url = {https://en.wikipedia.org/wiki/Condition_number}
}
@book{Belsley1980RegressionCollinearity,
    author = {Belsley, David A. and Kuh, Edwin and Welsch, Roy E.},
    keywords = {outliers, regression, robustness},
    publisher = {Wiley-Interscience},
    title = {Regression Diagnostics : Identifying Influential Data and Sources of Collinearity},
    year = {1980}
}

@online{Wikipedia2017CMA-ES,
    title = {CMA-ES},
    year = {2017},
    author = {Wikipedia},
    url = {https://en.wikipedia.org/wiki/CMA-ES}
}
Hansen2011TheTutorial

@article{Chotard2012CumulativeFunctions,
    title = {Cumulative Step-Size Adaptation on Linear Functions},
    year = {2012},
    author = {Chotard, Alexandre and Auger, Anne and Hansen, Nikolaus},
    journal={International Conference on Parallel Problem Solving from Nature},
    pages = {72--81},
    url = {http://link.springer.com/10.1007/978-3-642-32937-1_8},
    isbn = {9783642329364},
    doi = {10.1007/978-3-642-32937-1_8},
    organization={Springer}
}


@online{Wikipedia2017InformationSecurity,
    title = {Information security},
    year = {2017},
    author = {Wikipedia},
    url = {https://en.wikipedia.org/wiki/Information_security}
}
@techreport{ISO27000,
    author = {ISO},
    number = {27000:2016},
    type = {Standard},
    key = {ISO/IEC 27000:2016)},
    year = {2016},
    title = {Information technology -- Security techniques -- Information security management systems -- Overview and vocabulary},
    volume = {2016},
    institution = {International Organization for Standardization}
}

@online{Wikipedia2016Chosen-plaintextAttack,
    title = {Chosen-plaintext attack},
    year = {2016},
    author = {Wikipedia},
    url = {https://en.wikipedia.org/wiki/Chosen-plaintext_attack}
}
@online{Wikipedia2016Attackcomputing,
    title = {Attack (computing)},
    year = {2016},
    author = {Wikipedia},
    url = {https://en.wikipedia.org/wiki/Attack_(computing)}
}
@techreport{IETF2000InternetGlossary,
    author = {IETF},
    number = {RFC 2828},
    type = {Glossary},
    key = {RFC 2828},
    year = {2000},
    title = {Internet Security Glossary},
    institution = {Internet Engineering Task Force},
    url = {https://tools.ietf.org/html/rfc2828}
}

@online{Wikipedia2017Side-channelAttack,
    title = {Side-channel attack},
    year = {2017},
    author = {Wikipedia},
    url = {https://en.wikipedia.org/wiki/Side-channel_attack}
}
@Incollection{Skorobogatov2012PhysicalResistance,
    author="Skorobogatov, Sergei",
    editor="Tehranipoor, Mohammad
    and Wang, Cliff",
    title="Physical Attacks and Tamper Resistance",
    bookTitle="Introduction to Hardware Security and Trust",
    year="2012",
    publisher="Springer New York",
    address="New York, NY",
    pages="143--173",
    isbn="978-1-4419-8080-9",
    doi="10.1007/978-1-4419-8080-9_7",
    url="http://dx.doi.org/10.1007/978-1-4419-8080-9_7"
}
% http://www.cl.cam.ac.uk/~sps32/semi-inv_def.html

@book{Tehranipoor2012IntroductionTrust,
    title = {Introduction to hardware security and trust},
    year = {2011},
    author = {Tehranipoor, Mohammad and Wang, Cliff},
    isbn = {9781441980809},
    doi = {10.1007/978-1-4419-8080-9},
    issn = {2079-9292},
    pmid = {15991970},
    arxivId = {arXiv:1011.1669v3},
    publisher = {Springer Publishing Company, Incorporated},
}

@online{Wikipedia2016PirateDecryption,
    title = {Pirate decryption},
    year = {2016},
    author = {Wikipedia},
    url = {https://en.wikipedia.org/wiki/Pirate_decryption}
}
Trusted Platform Module (TPM) Specifications". Trusted Computing Group
@techreport{TCG2011TPMPrinciples,
    author = {TCG},
    number = {Version 1.2},
    type = {Specification},
    key = {Specification Version 1.2},
    year = {2011},
    title = {TPM Main Part 1 Design Principles},
    volume = {Revision 116},
    institution = {Trusted Computing Group},
    url={https://trustedcomputinggroup.org//wp-content/uploads/TPM-Main-Part-1-Design-Principles_v1.2_rev116_01032011.pdf}
}


@article{Samuel1959SomeCheckers,
    title = {Some studies in machine learning using the game of checkers},
    year = {1959},
    journal = {IBM Journal of research and development},
    author = {Samuel, Artur L},
    number = {3},
    pages = {210--229},
    volume = {3},
    doi = {10.1147/rd.33.0210},
    issn = {0018-8646}
}


@book{Mitchell1997MachineLearning,
    title={Machine learning},
    author={Mitchell, Tom M},
    year={1997},
    publisher = {McGraw-Hill, Inc.},
    url = {http://personal.disco.unimib.it/Vanneschi/ McGrawHill_-_Machine_Learning_-Tom_Mitchell.pdf},
    isbn = {0070428077},  
    doi = {10.1145/242224.242229},
}

@online{Wikipedia2017ReinforcementLearning,
    title = {Reinforcement learning},
    year = {2017},
    author = {Wikipedia},
    url = {https://en.wikipedia.org/wiki/Reinforcement_learning}
}
@online{Wikipedia2017MachineLearning,
    title = {Machine learning},
    year = {2017},
    author = {Wikipedia},
    url = {https://en.wikipedia.org/wiki/Machine_learning}
}
@book{Russell1995Modernapproach,
  title={Artificial Intelligence: A modern approach},
  author={Russell, Stuart and Norvig, Peter},
  year={1995},
  publisher={Citeseer}
}


@online{Wikipedia2016EvolutionStrategy,
    title = {Evolution strategy},
    year = {2016},
    author = {Wikipedia},
    url = {https://en.wikipedia.org/wiki/Evolution_strategy}
}
@article{Rechenberg1994EvolutionsstrategiePrinzipien,
  title={Evolutionstrategie: Optimierung
technischer Systeme nach Prinzipien
der biologischen Evolution},
  author={Rechenberg, Ingo},
  journal={Step-Size Adaptation Based on Non-Local Use of Selection Information. In Parallel Problem Solving from Nature (PPSN3)},
  year={1973},
  publisher={Frommann-Holzboog Verlag}
}


@online{Wikipedia2016AvalancheEffect,
    title = {Avalanche effect},
    year = {2016},
    author = {Wikipedia},
    url = {https://en.wikipedia.org/wiki/Avalanche_effect}
}
@article{Feistel1973Cryptographyprivacy,
  title={Cryptography and computer privacy},
  author={Feistel, Horst},
  journal={Scientific american},
  volume={228},
  pages={15--23},
  year={1973}
}


@online{Wikipedia2016BentFunction,
    title = {Bent function},
    year = {2016},
    author = {Wikipedia},
    url = {https://en.wikipedia.org/wiki/Bent_function}
}
@Inbook{Forre1990Thedefinition,
    author="Forri{\'e}, R{\'e}jane",
    editor="Goldwasser, Shafi",
    title="The Strict Avalanche Criterion: Spectral Properties of Boolean Functions and an Extended Definition",
    bookTitle="Advances in Cryptology --- CRYPTO' 88: Proceedings",
    year="1990",
    publisher="Springer New York",
    address="New York, NY",
    pages="450--468",
    isbn="978-0-387-34799-8",
    doi="10.1007/0-387-34799-2_31",
    url="http://dx.doi.org/10.1007/0-387-34799-2_31"
}
@techreport{Adams1990Thedesign,
  title={The use of bent sequences to achieve higher-order strict avalanche criterion in S-box design},
  author={Adams, CM and Tavares, SE},
  year={1990},
  type = {Tech. Rep.},
  number = {TR 90-013},
  institution={Dept. of Elec. Eng., Queen's University, Kingston, Ontario, Canada}
}
@Inbook{Seberry1993Highlycriterion,
    author="Seberry, Jennifer
    and Zhang, Xian-Mo",
    editor="Seberry, Jennifer
    and Zheng, Yuliang",
    title="Highly nonlinear 0--1 balanced boolean functions satisfying strict avalanche criterion",
    bookTitle="Advances in Cryptology --- AUSCRYPT '92: Workshop on the Theory and Application of Cryptographic Techniques Gold Coast, Queensland, Australia, December 13--16, 1992 Proceedings",
    year="1993",
    publisher="Springer Berlin Heidelberg",
    address="Berlin, Heidelberg",
    pages="143--155",
    isbn="978-3-540-47976-5",
    doi="10.1007/3-540-57220-1_58",
    url="http://dx.doi.org/10.1007/3-540-57220-1_58"
}





@online{Wikipedia2017CentralTheorem,
    title = {Central limit theorem},
    year = {2017},
    author = {Wikipedia},
    url = {https://en.wikipedia.org/wiki/Central_limit_theorem}
}
@Article{Polya1920UberMomentenproblem,
    author="P{\'o}lya, Georg",
    title="{\"U}ber den zentralen Grenzwertsatz der Wahrscheinlichkeitsrechnung und das Momentenproblem",
    journal="Mathematische Zeitschrift",
    year="1920",
    volume="8",
    number="3",
    pages="171--181",
    issn="1432-1823",
    doi="10.1007/BF01206525",
    url="http://dx.doi.org/10.1007/BF01206525"
}





@online{Google2017MachineTrends,
    title = {Machine learning - Google trends},
    year = {2017},
    author = {Google},
    url = {https://www.google.com/trends/explore?q=machine learning}
}

@misc{Brosow1980MethodForgery,
    title = {Method and a system for verifying authenticity safe against forgery},
    year = {1980},
    author = {Brosow, J and Furugard, E},
    publisher = {Google Patents},
    note={US Patent 4,218,674},
    url = {https://www.google.com/patents/US4218674}
}



@Article{Wisiol2017WhyPUFs,
    title = {Why Attackers Lose: Design and Security Analysis
of Arbitrary Large XOR Arbiter PUFs},
    author = {Wisiol, Nils and Margraf, Marian and Soroceanu, Tudor and Zengin, Benjamin and Graebnitz, Christoph and Oswald, Manuel},
    note = {unpublished}

}


% https://www.ieee.org/documents/ieeecitationref.pdf